<record><leader>00000cas a22000007a 4500</leader><controlfield tag="001">9880088</controlfield><controlfield tag="008">830906d18511887nyudn ne      0    0eng d</controlfield><datafield ind1=" " ind2=" " tag="010"><subfield code="a">sn 83031421 </subfield></datafield><datafield ind1=" " ind2=" " tag="040"><subfield code="a">NPU</subfield><subfield code="b">eng</subfield><subfield code="c">NPU</subfield><subfield code="d">NYG</subfield><subfield code="d">NPX</subfield><subfield code="d">NYG</subfield><subfield code="d">NYS</subfield><subfield code="d">OCL</subfield><subfield code="d">OCLCQ</subfield><subfield code="d">OCLCG</subfield><subfield code="d">KRTAS</subfield><subfield code="d">OCLCQ</subfield><subfield code="d">OCLCF</subfield><subfield code="d">OCLCO</subfield></datafield><datafield ind1="1" ind2=" " tag="029"><subfield code="a">AU@</subfield><subfield code="b">000020227191</subfield></datafield><datafield ind1=" " ind2=" " tag="042"><subfield code="a">msc</subfield></datafield><datafield ind1=" " ind2=" " tag="043"><subfield code="a">n-us-ny</subfield></datafield><datafield ind1="0" ind2=" " tag="130"><subfield code="a">Oswego daily palladium (Oswego, N.Y. : 1851)</subfield></datafield><datafield ind1="1" ind2="4" tag="245"><subfield code="a">The Oswego daily palladium.</subfield></datafield><datafield ind1="3" ind2="0" tag="246"><subfield code="a">Daily Oswego palladium</subfield></datafield><datafield ind1="1" ind2="3" tag="246"><subfield code="a">Oswego palladium</subfield></datafield><datafield ind1="1" ind2="3" tag="246"><subfield code="a">Daily palladium</subfield></datafield><datafield ind1=" " ind2=" " tag="260"><subfield code="a">Oswego [N.Y.] :</subfield><subfield code="b">Brockway &amp; Mills,</subfield><subfield code="c">-1887.</subfield></datafield><datafield ind1=" " ind2=" " tag="300"><subfield code="a">v. :</subfield><subfield code="b">ill. ;</subfield><subfield code="c">55 cm.</subfield></datafield><datafield ind1=" " ind2=" " tag="310"><subfield code="a">Daily (except Sunday)</subfield></datafield><datafield ind1="1" ind2=" " tag="362"><subfield code="a">Began in 1851.</subfield><subfield code="z">Cf. NIM.</subfield></datafield><datafield ind1="0" ind2=" " tag="362"><subfield code="a">-Aug. 31, 1887.</subfield></datafield><datafield ind1=" " ind2=" " tag="500"><subfield code="a">Published as: Daily Oswego palladium, Oct. 13, 1851-&lt;Mar. 9, 1852&gt;.</subfield></datafield><datafield ind1=" " ind2=" " tag="500"><subfield code="a">"Daily" appears above title ornament in small type, &lt;1851&gt;; within title ornament, &lt;1876&gt;-1887.</subfield></datafield><datafield ind1=" " ind2=" " tag="500"><subfield code="a">Publishers: Brockway &amp; Mills, &lt;1851&gt;; C. Morrison &amp; Co., &lt;1867&gt;; Palladium Print. Co., &lt;1876&gt;.</subfield></datafield><datafield ind1=" " ind2=" " tag="500"><subfield code="a">"Democratic."</subfield></datafield><datafield ind1=" " ind2=" " tag="515"><subfield code="a">Suspended 1861-&lt;1862&gt;. Cf. Brigham's Oswego and Fulton direct. and hist. ..., 1862.</subfield></datafield><datafield ind1=" " ind2=" " tag="580"><subfield code="a">Weekly eds.: Oswego palladium (Oswego, N.Y. : 1832), 1832-1852; Oswego weekly palladium, 1852-1887.</subfield></datafield><datafield ind1=" " ind2=" " tag="588"><subfield code="a">Description based on: Vol. 1, no. 21 (Mar. 12, 1851).</subfield></datafield><datafield ind1=" " ind2="0" tag="651"><subfield code="a">Oswego (N.Y.)</subfield><subfield code="v">Newspapers.</subfield></datafield><datafield ind1=" " ind2="0" tag="651"><subfield code="a">Oswego County (N.Y.)</subfield><subfield code="v">Newspapers.</subfield></datafield><datafield ind1=" " ind2="7" tag="655"><subfield code="a">Newspapers.</subfield><subfield code="2">fast</subfield><subfield code="0">(OCoLC)fst01423814</subfield></datafield><datafield ind1=" " ind2="7" tag="651"><subfield code="a">New York (State)</subfield><subfield code="z">Oswego.</subfield><subfield code="2">fast</subfield><subfield code="0">(OCoLC)fst01212851</subfield></datafield><datafield ind1=" " ind2="7" tag="651"><subfield code="a">New York (State)</subfield><subfield code="z">Oswego County.</subfield><subfield code="2">fast</subfield><subfield code="0">(OCoLC)fst01208853</subfield></datafield><datafield ind1="1" ind2=" " tag="700"><subfield code="a">Brockway, Beman,</subfield><subfield code="d">1815-1892.</subfield></datafield><datafield ind1=" " ind2=" " tag="752"><subfield code="a">United States</subfield><subfield code="b">New York</subfield><subfield code="c">Oswego</subfield><subfield code="d">Oswego.</subfield></datafield><datafield ind1="1" ind2=" " tag="775"><subfield code="t">Oswego palladium (Oswego, N.Y. : 1832)</subfield><subfield code="w">(DLC)sn 83031486</subfield><subfield code="w">(OCoLC)9886484</subfield></datafield><datafield ind1="1" ind2=" " tag="775"><subfield code="t">Oswego weekly palladium</subfield><subfield code="w">(DLC)sn 85026892</subfield><subfield code="w">(OCoLC)12726806</subfield></datafield><datafield ind1="0" ind2="0" tag="785"><subfield code="t">Oswego palladium (Oswego, N.Y. : 1887)</subfield><subfield code="w">(DLC)sn 93063566</subfield><subfield code="w">(OCoLC)27436539</subfield></datafield><datafield ind1=" " ind2=" " tag="938"><subfield code="a">Kirtas Technologies, Inc.</subfield><subfield code="b">KRTS</subfield><subfield code="n">737416</subfield></datafield></record>